This file was created with JabRef 2.2.
Encoding: MacRoman

@book{lumley2011complex,
  title={Complex surveys: a guide to analysis using R},
  author={Lumley, Thomas},
  volume={565},
  year={2011},
  publisher={John Wiley \& Sons}
}

@article{brick1996handling,
  title={Handling missing data in survey research},
  author={Brick, J Michael and Kalton, Graham},
  journal={Statistical methods in medical research},
  volume={5},
  number={3},
  pages={215--238},
  year={1996},
  publisher={Sage Publications Sage CA: Thousand Oaks, CA}
}

@article{maiti2008neural,
  title={Neural network imputation: An experience with the national resources inventory survey},
  author={Maiti, Tapabrata and Miller, Curtis P and Mukhopadhyay, Pushpal K},
  journal={Journal of agricultural, biological, and environmental statistics},
  volume={13},
  number={3},
  pages={255},
  year={2008},
  publisher={Springer}
}

@article{toth2011building,
  title={Building consistent regression trees from complex sample data},
  author={Toth, Daniell and Eltinge, John L},
  journal={Journal of the American Statistical Association},
  volume={106},
  number={496},
  pages={1626--1636},
  year={2011},
  publisher={Taylor \& Francis}
}

@book{goodfellow2016deep,
  title={Deep learning},
  author={Goodfellow, Ian and Bengio, Yoshua and Courville, Aaron},
  year={2016},
  publisher={MIT press}
}

@article{chollet2018deep,
  title={Deep Learning with R. Manning Publications},
  author={Chollet, F and Allaire, JJ},
  year={2018}
}

@article{hastie2017extended,
  title={Extended comparisons of best subset selection, forward stepwise selection, and the lasso},
  author={Hastie, Trevor and Tibshirani, Robert and Tibshirani, Ryan J},
  journal={arXiv preprint arXiv:1707.08692},
  year={2017}
}

@article{horvitz1952generalization,
  title={A generalization of sampling without replacement from a finite universe},
  author={Horvitz, Daniel G and Thompson, Donovan J},
  journal={Journal of the American statistical Association},
  volume={47},
  number={260},
  pages={663--685},
  year={1952},
  publisher={Taylor \& Francis Group}
}

@misc{IRS2015,
  title={Internal Revenue Service Statistics},
  url={https://www.irs.gov/statistics},
  journal={Statistics | Internal Revenue Service}
}

@misc{BLS2019,
  title={BLS Consumer Expenditure Surveys},
  url={https://www.bls.gov/cex/pumd_doc.htm#2017},
  publisher={U.S. Bureau of Labor Statistics},
  year={2019},
  month={Mar}
}